<?xml version="1.0" encoding="UTF-8"?><collection xmlns="http://www.loc.gov/MARC21/slim"><record><leader>00380nam--2200133-i-4500</leader><controlfield tag="001">000025188</controlfield><controlfield tag="002">20161230</controlfield><controlfield tag="005">20161230201035</controlfield><controlfield tag="008">060222s1000------------r-----000-0-eng-d</controlfield><datafield ind1=" " ind2=" " tag="080"><subfield code="a">538.971.(043)</subfield></datafield><datafield ind1=" " ind2=" " tag="245"><subfield code="a">Photoelectronenspektroskopie  and modellgrenz flachen energiewandelender halbleiter/electrol yt-kontakte</subfield></datafield><datafield ind1=" " ind2=" " tag="260"><subfield code="a">Berlin, 1993. 247 P</subfield></datafield><datafield ind1=" " ind2=" " tag="490"><subfield code="a">These</subfield></datafield><datafield ind1=" " ind2=" " tag="852"><subfield code="a">80087</subfield></datafield></record></collection>